
@misc{_bio.jl_2016,
	title = {bio.jl},
	copyright = {MIT Expat},
	url = {https://github.com/BioJulia/Bio.jl},
	month = jan,
	year = {2016}
}

@misc{_ragel_2014,
	title = {Ragel},
	copyright = {GNU GPL2},
	url = {http://www.colm.net/open-source/ragel/},
	publisher = {Colm Networks},
	month = oct,
	year = {2014}
}