
@misc{_bio.jl_2016,
	title = {bio.jl},
	copyright = {MIT Expat},
	url = {https://github.com/BioJulia/Bio.jl},
	month = jan,
	year = {2016}
}

@misc{_ragel_2014,
	title = {Ragel},
	copyright = {GNU GPL2},
	url = {http://www.colm.net/open-source/ragel/},
	publisher = {Colm Networks},
	month = oct,
	year = {2014}
}

@misc{_bison_1988,
	title = {Bison},
	copyright = {GPL},
	url = {https://www.gnu.org/software/bison/},
	publisher = {Free Software Foundation, Inc.},
	year = {1988}
}

@book{mason_lex_1990,
	address = {Sebastopol, CA, USA},
	title = {Lex \&{Amp}; {Yacc}},
	isbn = {0-937175-49-8},
	publisher = {O'Reilly \& Associates, Inc.},
	author = {Mason, Tony and Brown, Doug},
	year = {1990}
}

@misc{de_guzman_boost_2009,
	title = {Boost {Spirit}},
	url = {http://boost-spirit.com/home/},
	author = {de Guzman, Joel and Kaiser, Hartmut},
	year = {2009}
}

@article{cock_biopython:_2009,
	title = {Biopython: freely available {Python} tools for computational molecular biology and bioinformatics},
	volume = {25},
	issn = {1367-4803, 1460-2059},
	shorttitle = {Biopython},
	url = {http://bioinformatics.oxfordjournals.org/cgi/doi/10.1093/bioinformatics/btp163},
	doi = {10.1093/bioinformatics/btp163},
	language = {en},
	number = {11},
	urldate = {2016-03-05},
	journal = {Bioinformatics},
	author = {Cock, P. J. A. and Antao, T. and Chang, J. T. and Chapman, B. A. and Cox, C. J. and Dalke, A. and Friedberg, I. and Hamelryck, T. and Kauff, F. and Wilczynski, B. and de Hoon, M. J. L.},
	month = jun,
	year = {2009},
	pages = {1422--1423}
}

@article{bolger_trimmomatic:_2014,
	title = {Trimmomatic: a flexible trimmer for {Illumina} sequence data},
	journal = {Bioinformatics},
	author = {Bolger, Anthony M and Lohse, Marc and Usadel, Bjoern},
	year = {2014},
	pages = {btu170}
}

@article{crusoe_khmer_2014,
	title = {The khmer software package: enabling efficient sequence analysis},
	volume = {979190},
	journal = {URL http://dx. doi. org/10.6084/m9. figshare},
	author = {Crusoe, Michael R and Edvenson, Greg and Fish, Jordan and Howe, Adina and McDonald, Eric and Nahum, Joshua and Nanlohy, Kaben and Ortiz-Zuazaga, Humberto and Pell, Jason and Simpson, Jared and {others}},
	year = {2014}
}

@inproceedings{gray_why_1986,
	title = {Why do computers stop and what can be done about it?},
	booktitle = {Symposium on reliability in distributed software and database systems},
	publisher = {Los Angeles, CA, USA},
	author = {Gray, Jim},
	year = {1986},
	pages = {3--12}
}

@article{lipman_rapid_1985,
	title = {Rapid and sensitive protein similarity searches},
	volume = {227},
	issn = {0036-8075, 1095-9203},
	url = {http://www.sciencemag.org/cgi/doi/10.1126/science.2983426},
	doi = {10.1126/science.2983426},
	language = {en},
	number = {4693},
	urldate = {2016-03-19},
	journal = {Science},
	author = {Lipman, D. and Pearson, W.},
	month = mar,
	year = {1985},
	pages = {1435--1441}
}

@techreport{scowen_extended_1998,
	title = {Extended {BNF}-a generic base standard},
	institution = {Technical report, ISO/IEC 14977. http://www. cl. cam. ac. uk/mgk25/iso-14977. pdf},
	author = {Scowen, Roger S},
	year = {1998}
}

@article{chikhi_space-efficient_2013,
	title = {Space-efficient and exact de {Bruijn} graph representation based on a {Bloom} filter},
	volume = {8},
	number = {1},
	journal = {Algorithms for Molecular Biology},
	author = {Chikhi, Rayan and Rizk, Guillaume},
	year = {2013},
	pages = {1}
}

@article{pell_scaling_2012,
	title = {Scaling metagenome sequence assembly with probabilistic de {Bruijn} graphs},
	volume = {109},
	number = {33},
	journal = {Proceedings of the National Academy of Sciences},
	author = {Pell, Jason and Hintze, Arend and Canino-Koning, Rosangela and Howe, Adina and Tiedje, James M and Brown, C Titus},
	year = {2012},
	pages = {13272--13277}
}

@techreport{michael_j_beckerle_data_2014,
	title = {Data {Format} {Description} {Language} ({DFDL}) v1.0 {Specification}},
	url = {https://www.ogf.org/documents/GFD.207.pdf},
	abstract = {This document provides a definition of a standard Data Format Description Language (DFDL). This language allows description of text, dense binary, and legacy data formats in a vendor- neutral declarative manner. DFDL is an extension to the XML Schema Description Language (XSDL).},
	urldate = {2016-03-17},
	institution = {IBM},
	author = {Michael J Beckerle, Stephen M Hanson},
	month = sep,
	year = {2014}
}

@inproceedings{tjang_:_2006,
	title = {A: an assertion language for distributed systems},
	shorttitle = {A},
	url = {http://dl.acm.org/citation.cfm?id=1216003},
	urldate = {2016-03-19},
	booktitle = {Proceedings of the 3rd workshop on {Programming} languages and operating systems: linguistic support for modern operating systems},
	publisher = {ACM},
	author = {Tjang, Andrew and Oliveira, FÃ¡bio and Martin, Richard P. and Nguyen, Thu D.},
	year = {2006},
	pages = {8},
	file = {tjang-plos06.pdf:/Users/camille/Library/Application Support/Zotero/Profiles/oy306j3r.default/zotero/storage/75CUQZHK/tjang-plos06.pdf:application/pdf}
}